<?xml version="1.0" encoding="UTF-8"?><collection xmlns="http://www.loc.gov/MARC21/slim"><record><leader>00542nam--2200181-i-4500</leader><controlfield tag="001">000034892</controlfield><controlfield tag="002">20161230</controlfield><controlfield tag="005">20161230201040</controlfield><controlfield tag="008">060222s1000------------r-----000-0-eng-d</controlfield><datafield ind1=" " ind2=" " tag="080"><subfield code="a">517.91</subfield></datafield><datafield ind1="1" ind2=" " tag="100"><subfield code="a">Hairer, E</subfield></datafield><datafield ind1="1" ind2="0" tag="245"><subfield code="a">Solving ordinary differential equations i. nonstiff problems</subfield><subfield code="c">E. hairer, s.p. norsett, g. wanner</subfield></datafield><datafield ind1=" " ind2=" " tag="260"><subfield code="a">Berlin</subfield><subfield code="b">Springer-verlag</subfield><subfield code="c">1987</subfield></datafield><datafield ind1=" " ind2=" " tag="300"><subfield code="a">XIII + 480P</subfield></datafield><datafield ind1=" " ind2=" " tag="490"><subfield code="a">Springer Series In Computational Mathematics, 8</subfield></datafield><datafield ind1="1" ind2=" " tag="700"><subfield code="a">Wanner, G</subfield></datafield><datafield ind1=" " ind2=" " tag="852"><subfield code="a">74240</subfield><subfield code="c">517.9</subfield></datafield><datafield ind1=" " ind2=" " tag="CAT"><subfield code="a">Sys</subfield><subfield code="c">20160115</subfield><subfield code="h">111352</subfield></datafield></record></collection>